% Pour les commentaires : utilisez le 'note = {}', attention à bien mettre la virgule avant le passage à la ligne du point précédent.

@misc{guide,
	title = {Conception et réalisation d'un robot magasinier.},
	author = {\text{École polytechnique de Bruxelles}},
	note = {Guide du projet fourni par la faculté}
}

@misc{pyginf,
    author = {Pygame},
    title = {About.},
    address = {<https://www.pygame.org/wiki/about>},
    howpublished = {Site Web sur INTERNET},
    year = {Consulté le 3 décembre 2018.}
    }
    
@misc{pygjeu,
    author = {Pygame},
    title = {Projects.},
    address = {<https://www.pygame.org/tags/all>},
    howpublished = {Site Web sur INTERNET},
    year = {Consulté le 3 décembre 2018.}
    }
    
@misc{arduno,
    author = {Arduino},
    title = {Arduino Uno.},
    address = {<https://store.arduino.cc/arduino-uno-rev3>},
    howpublished = {Site Web sur INTERNET},
    year = {Consulté le 3 décembre 2018.}
    }
    
@misc{ardmega,
    author = {Arduino},
    title = {Arduino Mega.},
    address = {<https://store.arduino.cc/arduino-mega-2560-rev3>},
    howpublished = {Site Web sur INTERNET},
    year = {Consulté le 3 décembre 2018.}
    }
    
@misc{mecanum,
    author = {\text{Nexus Robotics Ltd}},
    title = {Roue mecanum droite en aluminium (60 mm).},
    address = {<https://www.generationrobots.com/fr/403173-roue-mecanum-droite-en-aluminium-60-mm.html>},
    howpublished = {Site Web sur INTERNET},
    year = {Consulté le 3 décembre 2018.}
    }
    
@misc{captbor,
    author = {AZDelivery},
    title = {KY Lot de 3 lignes de 033 folger Line Module de capteur de suivi tcrt5000 pour Arduino.},
    address = {<https://www.amazon.fr/AZDelivery-lignes-033-folger-capteur-tcrt5000-pour/dp/B07CN8GX18/ref=sr_1_2?ie=UTF8&qid=1540554800&sr=8-2&keywords=capteur+de+ligne>},
    howpublished = {Site Web sur INTERNET},
    year = {Consulté le 3 décembre 2018.}
    }
    
@misc{roues,
    author = {\text{DFRobot}},
    title = {Roue silicone 80mm.},
    address = {<https://www.robotshop.com/eu/fr/roue-silicone-de-80mm-moteur-tt.html>},
    howpublished = {Site Web sur INTERNET},
    year = {Consulté le 19 mars 2018.}
    }
    
@misc{moteur_encodeur,
    author = {\text{DFRobot}},
    title = {Micro moteur à encodeur.},
    address = {<https://www.robotshop.com/eu/fr/micro-moteur-dc--6v-160rpm-1201-encodeur.html>},
    howpublished = {Site Web sur INTERNET},
    year = {Consulté le 19 mars 2018.}
    }
    
@misc{servos,
    author = {\text{Longrunner}},
    title = {Micro servomoteurs 9g.},
    address = {<https://www.amazon.fr/Longruner-Moteur-H\%C3\%A9licopt\%C3\%A8re-Bateau-robots/dp/B07236KYVC/ref=sr_1_2?ie=UTF8&qid=1540975960&sr=8-2&keywords=servo\%2B9g&th=1>},
    howpublished = {Site Web sur INTERNET},
    year = {Consulté le 19 mars 2018.}
    }
    
@misc{Lipo,
    author = {\text{Turnigy}},
    title = {Turnigy 1000mAh 3S 20C Lipo Paquet.},
    address = {<https://hobbyking.com/fr_fr/turnigy-1000mah-3s-20c-lipo-pack.html?___store=fr_fr>},
    howpublished = {Site Web sur INTERNET},
    year = {Consulté le 19 mars 2018.}
    }
    
@misc{captdist,
    author = {Pololu},
    title = {Sharp GP2D120XJ00F Analog Distance Sensor 4-30cm},
    address = {<https://www.pololu.com/product/1136>},
    howpublished = {Site Web sur INTERNET},
    year = {Consulté le 3 décembre 2018.}
    }

@online{rouviere_asservissement_2007,
	title = {Asservissement et pilotage de robot autonome [Wiki {ClubElek}]},
	url = {https://wiki.clubelek.fr/articles:asservissement_et_pilotage_de_robot_autonome},
	titleaddon = {Wiki {ClubElek}},
	author = {{ROUVIERE}, Julien},
	date = {2007},
	file = {Asservissement et pilotage de robot autonome [Wiki ClubElek]:C\:\\Users\\TSA\\Zotero\\storage\\6AZS7MTW\\articlesasservissement_et_pilotage_de_robot_autonome.html:text/html},
	note = {La source est fiable, elle vient du CLUB DE MÉCATRONIQUE DE L'INSA DE LYON. Elle nous apporte une idée générale sur l'odométrie et le pilotage de robot autonome. C'est une bonne base pour débuter les rechercher, cependant ce n'est pas assez précis pour certains points d'automatique.}
}

@online{guyot_[tutoriel]_2016,
	title = {[{TUTORIEL}] Déplacement d’un robot – Robotique Club de l'Ouest},
	url = {http://rco.fr.nf/index.php/2016/07/03/deplacement-dun-robot/},
	author = {{GUYOT}, Tifaine},
	date = {2016},
	langid = {french},
	file = {Snapshot:C\:\\Users\\TSA\\Zotero\\storage\\5AJCS9WS\\deplacement-dun-robot.html:text/html},
	note = {Il s'agit d'un tutoriel sur le déplacement d'un robot autonome, cela donne une bonne idée générale de la marche à suivre. Celui-ci a été posté dans une association de robotique.}
}

@online{Parasites_capteurs_sharp,
	title = {Les parasites sur les capteurs sharp : comment les éviter ?},
	url = {https://darylrobotproject.wordpress.com/2013/01/26/les-parasites-sur-les-capteurs-ir-sharp-comment-les-eviter/},
	author = {Daryl robot project},
	date = {2013},
	langid = {french},
	file = {https://files.zotero.net/14221114923/Daryl\%20Robot\%20Project.html},
	note = {Cet article web présente de bonnes indications sur le parasitage standard des capteurs. L'auteur présente différentes solutions munies bonne justification. La première solution fournie a été appliquée par le groupe et fournit des résultats concluants.}
}

@online{cochelin_positionnement_nodate,
	title = {Positionnement du robot Théorie, Implémentation,Génération de trajectoires...},
	url = {http://manubatbat.free.fr/doc/positionning/Positionning.html},
	author = {{COCHELIN}, Olivier},
	date = {nodate},
	langid = {french},
	file = {Positionnement du robot Théorie, Implémentation, Génération de trajectoires...:C\:\\Users\\TSA\\Zotero\\storage\\YKN7FQ2K\\Positionning.html:text/html},
	note = {Ce site développe de manière très complète comment implémenter une odométrie et des consignes pour que le robot se meuve dans les meilleures conditions. L'auteur est fiable car il est diplomé en électronique de l'\textit{Eseo} et connait donc son sujet.}
}

@online{noauthor_construction_nodate,
	title = {Construction de Vitesse trapezoidale},
	url = {https://www.developpez.net/forums/d1324481/environnements-developpement/matlab/simulink/construction-vitesse-trapezoidale/},
	type = {Forum},
	note = {Cette source a été très utile pour développer les profils de vitesse qui ont été utilisé pour les déplacements du robot. Il faut toutefois rester prudents car les auteurs sont anonymes et peuvent donner des fausses informations.}
}
@online{modele_pince,
	title = {Modèle de la pince 3d},
	url = {https://grabcad.com/library/robotic-gripper-and-end-effector-1},
	author = {{Avinash}, bhashkar}
}
@online{prixrouemeca,
	title = {Exemple prix roue mecanum},
	url = {https://www.robotshop.com/eu/fr/roue-100mm-mecanum-gauche.html},
	author = {Nexus robot}
}
@online{Arduino_mega,
    title = {Arduino Mega},
    url = {https://www.robotshop.com/eu/fr/microcontroleur-arduino-mega-2560-rev3.html},
    author = {Arduino}
}
@online{Arduino_uno,
    title = {Arduino Uno},
    url = {https://www.robotshop.com/eu/fr/microcontroleur-arduino-uno-r3-usb.html},
    author = {Arduino}
}
@online{Arduino_nano,
    title = {Arduino nano},
    url = {https://www.amazon.fr/dp/B07C5M2FJ6/ref=cm_sw_r_fm_apa_U7Q4Bb2YVDT1A?fbclid=IwAR3xK8tjbB21DZDAjtGuqt4AMU1Rlve58ajyHHA2H883BmhtIRc5KYcLuzo},
    author = {Arduino}
}
@online{Arduino_due,
    title = {Arduino Due},
    url = {https://www.robotshop.com/eu/fr/microcontroleur-arm-32-bits-arduino-due-.html},
    author = {Arduino}
}
@online{noauthor_robotics:odometrie_2014,
	title = {robotics:odometrie [Geonobot Wiki]},
	url = {http://geonobotwiki.free.fr/doku.php?id=robotics:odometrie},
	titleaddon = {Geonobot Wiki},
	date = {2014},
	file = {robotics\: odometrie [Geonobot Wiki]:C\:\\Users\\TSA\\Zotero\\storage\\7NY44A5U\\doku.html:text/html},
	note = {Ce document explique clairement le principe de l'approximation en segments de droite qui a été utilisée pour l'odométrie. Il montre également comment calculer l'odométrie et l'implémenter sur l'Arduino. Il faut néanmoins rester prudent car on ne connaît pas l'auteur.}
}

@article{chemori_generation_nodate,
	title = {Génération de trajectoires},
	url = {http://www.lirmm.fr/~chemori/Temp/Cours/cours_2_Rob.pdf},
	pages = {44},
	journaltitle = {Cours de Robotique Avancée Ecole Supérieur de Technologie et d’Informatique de Tunis},
	author = {Chemori, Ahmed},
	langid = {french},
	file = {Chemori - Génération de trajectoires.pdf:C\:\\Users\\TSA\\Zotero\\storage\\PVW5AHJ2\\Chemori - Génération de trajectoires.pdf:application/pdf},
	note = {Il s'agit d'un cours donné à l'Ecole Supérieure de Technologie et d'Informatique de Tunis, la source est donc fiable. De plus, elle développe de manière concise la génération de trajectoire qui a été une base pour la mise en place des profils de vitesse.}
}

@misc{le_lann_pid_2007,
	title = {Le {PID} utilisé en régulation de position et/ou de vitesse de moteurs électriques},
	author = {Le Lann, Christophe},
	date = {2007},
	note = {Ce livre développe en profondeur la manière de coder le PID et de réguler les moteurs pour que le véhicule corrige ses trajectoires. Ce principe de régulation a été appliqué au robot. De plus, ce document est fiable car l'auteur a été diplomé de l'\textit{Ecole Supérieure d'Electricité.}}
}