
@misc{cdcharges,
	title = {Conception et réalisation d'un robot magasinier},
	author = {\text{École polytechnique de Bruxelles}}
}

@misc{pyginf,
    author = {Pygame},
    title = {About.},
    address = {<https://www.pygame.org/wiki/about>},
    howpublished = {Site Web sur INTERNET},
    year = {Consulté le 3 décembre 2018.}
    }
    
@misc{pygjeu,
    author = {Pygame},
    title = {Projects.},
    address = {<https://www.pygame.org/tags/all>},
    howpublished = {Site Web sur INTERNET},
    year = {Consulté le 3 décembre 2018.}
    }
    
@misc{arduno,
    author = {Arduino},
    title = {Arduino Uno.},
    address = {<https://store.arduino.cc/arduino-uno-rev3>},
    howpublished = {Site Web sur INTERNET},
    year = {Consulté le 3 décembre 2018.}
    }
    
@misc{ardmega,
    author = {Arduino},
    title = {Arduino Mega.},
    address = {<https://store.arduino.cc/arduino-mega-2560-rev3>},
    howpublished = {Site Web sur INTERNET},
    year = {Consulté le 3 décembre 2018.}
    }
    
@misc{mecanum,
    author = {\text{Nexus Robotics Ltd}},
    title = {Roue mecanum droite en aluminium (60 mm).},
    address = {<https://www.generationrobots.com/fr/403173-roue-mecanum-droite-en-aluminium-60-mm.html>},
    howpublished = {Site Web sur INTERNET},
    year = {Consulté le 3 décembre 2018.}
    }
    
@misc{captbor,
    author = {AZDelivery},
    title = {KY Lot de 3 lignes de 033 folger Line Module de capteur de suivi tcrt5000 pour Arduino.},
    address = {<https://www.amazon.fr/AZDelivery-lignes-033-folger-capteur-tcrt5000-pour/dp/B07CN8GX18/ref=sr_1_2?ie=UTF8&qid=1540554800&sr=8-2&keywords=capteur+de+ligne>},
    howpublished = {Site Web sur INTERNET},
    year = {Consulté le 3 décembre 2018.}
    }
    
@misc{captdist,
    author = {Pololu},
    title = {Sharp GP2D120XJ00F Analog Distance Sensor 4-30cm},
    address = {<https://www.pololu.com/product/1136>},
    howpublished = {Site Web sur INTERNET},
    year = {Consulté le 3 décembre 2018.}
    }

@online{rouviere_asservissement_2007,
	title = {Asservissement et pilotage de robot autonome [Wiki {ClubElek}]},
	url = {https://wiki.clubelek.fr/articles:asservissement_et_pilotage_de_robot_autonome},
	titleaddon = {Wiki {ClubElek}},
	author = {{ROUVIERE}, Julien},
	date = {2007},
	file = {Asservissement et pilotage de robot autonome [Wiki ClubElek]:C\:\\Users\\TSA\\Zotero\\storage\\6AZS7MTW\\articlesasservissement_et_pilotage_de_robot_autonome.html:text/html}
}

@online{guyot_[tutoriel]_2016,
	title = {[{TUTORIEL}] Déplacement d’un robot – Robotique Club de l'Ouest},
	url = {http://rco.fr.nf/index.php/2016/07/03/deplacement-dun-robot/},
	author = {{GUYOT}, Tifaine},
	date = {2016},
	langid = {french},
	file = {Snapshot:C\:\\Users\\TSA\\Zotero\\storage\\5AJCS9WS\\deplacement-dun-robot.html:text/html}
}

@online{cochelin_positionnement_nodate,
	title = {Positionnement du robot Théorie, Implémentation, Génération de trajectoires...},
	url = {http://manubatbat.free.fr/doc/positionning/Positionning.html},
	author = {{COCHELIN}, Olivier},
	file = {Positionnement du robot Théorie, Implémentation, Génération de trajectoires...:C\:\\Users\\TSA\\Zotero\\storage\\YKN7FQ2K\\Positionning.html:text/html}
}

@online{noauthor_construction_nodate,
	title = {Construction de Vitesse trapezoidale},
	url = {https://www.developpez.net/forums/d1324481/environnements-developpement/matlab/simulink/construction-vitesse-trapezoidale/},
	type = {Forum},
	file = {Construction de Vitesse trapezoidale:C\:\\Users\\TSA\\Zotero\\storage\\RNRTYRVZ\\construction-vitesse-trapezoidale.html:text/html}
}

@online{noauthor_robotics:odometrie_2014,
	title = {robotics:odometrie [Geonobot Wiki]},
	url = {http://geonobotwiki.free.fr/doku.php?id=robotics:odometrie},
	titleaddon = {Geonobot Wiki},
	date = {2014},
	file = {robotics\:odometrie [Geonobot Wiki]:C\:\\Users\\TSA\\Zotero\\storage\\7NY44A5U\\doku.html:text/html}
}

@article{chemori_generation_nodate,
	title = {Génération de trajectoires},
	url = {http://www.lirmm.fr/~chemori/Temp/Cours/cours_2_Rob.pdf},
	pages = {44},
	journaltitle = {Cours de Robotique Avancée Ecole Supérieur de Technologie et d’Informatique de Tunis},
	author = {Chemori, Ahmed},
	langid = {french},
	file = {Chemori - Génération de trajectoires.pdf:C\:\\Users\\TSA\\Zotero\\storage\\PVW5AHJ2\\Chemori - Génération de trajectoires.pdf:application/pdf}
}

@misc{le_lann_pid_2007,
	title = {Le {PID} utilisé en régulation de position et/ou de vitesse de moteurs électriques},
	author = {Le Lann, Christophe},
	date = {2007}
}